@misc{TerrafromK8sInstaller,
  title = {Github Terraform Kubernetes Installer},
  howpublished = {https://github.com/oracle/terraform-kubernetes-installer},
  note = {Accessed: 2019-01-07}
}

@misc{MicrosoftVirtualNode,
  title = {Microsoft Documentation Virtual Node},
  howpublished = {https://azure.microsoft.com/de-de/resources/samples/virtual-node-autoscale/},
  note = {Accessed: 2019-01-08}
}

@misc{MicrosoftAzureKubernetesService,
  title = {Microsoft Azure Kubernetes Service AKS},
  howpublished = {https://docs.microsoft.com/en-us/azure/aks/},
  note = {Accessed: 2019-01-08}
}
